%% This BibTeX bibliography file was created using BibDesk.
%% http://bibdesk.sourceforge.net/


%% Created for Charles Sharpsteen at 2009-07-25 14:25:30 -0700 


%% Saved with string encoding Unicode (UTF-8) 



@article{peng2006,
	Author = {Roger D. Peng},
	Date-Added = {2009-07-24 17:12:20 -0700},
	Date-Modified = {2009-07-25 14:25:30 -0700},
	Journal = {R News},
	Number = {4},
	Pages = {19--24},
	Title = {Interacting with data using the filehash package},
	Url = {\url{http://CRAN.R-project.org/doc/Rnews/}},
	Volume = {6},
	Year = {2006},
	Bdsk-Url-1 = {http://CRAN.R-project.org/doc/Rnews/}}

@misc{murrellTex,
	Author = {Paul Murrell},
	Date-Added = {2009-07-24 16:54:42 -0700},
	Date-Modified = {2009-07-24 17:11:06 -0700},
	Howpublished = {\url{http://www.stat.auckland.ac.nz/~paul/R/CM/CMR.html}},
	Title = {{Using Computer Modern Fonts in R Graphics}},
	Year = {2005}}

@manual{rintern2009,
	Author = {{R Development Core Team}},
	Date-Added = {2009-07-24 16:50:20 -0700},
	Date-Modified = {2009-07-24 16:53:11 -0700},
	Title = {R Internals: Version 2.9.1},
	Year = {2009}}

@manual{tantau2008,
	Author = {Till Tantau},
	Date-Added = {2009-07-24 16:46:57 -0700},
	Date-Modified = {2009-07-24 16:50:08 -0700},
	Month = {Febuary},
	Title = {The TikZ and PGF Packages: Manual for version 2.00},
	Year = {2008}}
